@article{Lee2000Photonic,
	author = {Lee, Kangtaek and Asher, Sanford A.},
	doi = {10.1021/ja002017n},
	issn = {0002-7863},
	journal = {Journal of the American Chemical Society},
	number = 39,
	pages = {9534-9537},
	shorttitle = {Photonic Crystal Chemical Sensors},
	title = {Photonic Crystal Chemical Sensors: pH and Ionic Strength},
	url = {http://dx.doi.org/10.1021/ja002017n},
	volume = 122,
	year = 2000
}
